2923 3605
1450 261 1607 371 2
1890 364 2540 463 Basel. 16.2.26.
737 358 1344 462 Herrn Christ,
752 514 2519 608 sonenbeförderungsgeschäft ein Zusammenarbeiten möglich und
750 599 2640 689 für beide Teile nützlich wäre. Wir haben eine Geschäftsorgani-
757 694 2520 790 sation, die auf das Schiffahrtsgeschäft zugeschnitten ist,
754 796 2519 885 die Personenbeförderung wird im Sommer von einer besondern
750 882 2630 974 Geschäftsabteilung übernommen. Das Personal, das wir für unser
750 966 2577 1065 Schiff engagieren, wird selbstverständlich von uns das ganze
744 1052 2610 1156 Jahr benötigt und entsprechend angestellt werden. Je nach der
754 1149 2548 1236 Art, in der ein Zusammenarbeiten organisiert wird, sind wir
756 1239 2687 1324 unter Umständen auch in der Lage, das Personal der "Rheinfelden"
756 1329 2622 1399 das ganze Jahr über zu beschäftigen. Dies wäre natürlich auch
746 1406 2345 1529 für die Personenschiffahrt ein sehr grosser Vorteil.
1292 1510 2619 1597 Wir beabsichtigen, mit unserm Schiff diesen
744 1588 2525 1711 Sommer im Zusammenhang mit der Internationalen Ausstellung
749 1684 2605 1771 für Binnenschiffahrt und Wasserkraftnutzung, deren Geschäfts-
755 1789 2608 1873 leitung von unserm Projekt schon seit Wochen Kenntnis hat, in
757 1858 2654 1953 der Hauptsache die Hafenfahrten und Fahrten in der näheren Um-
752 1968 2608 2053 gebung von Basel zu pflegen, (Märkt, Istein, Kembs, Breisach,
751 2061 2672 2155 Augst, Schweizerhalle, Hafenfahrten). Daneben sollen auch Fahr-
754 2150 2528 2244 ten nach Strassburg unternommen werden. Das Boot ist etwas
748 2237 2616 2328 stärker als die "Rheinfelden". Da es auch kleiner ist, dürfte
757 2333 2705 2404 es eine etwas grössere Geschwindigkeit erhalten. Diese gestattet
763 2430 2667 2536 auch unterhalb Basel einen gewissen Personenverkehr zu pflegen.
1289 2526 2517 2637 Da wir von Herrn Ryniker erfahren haben,
759 2621 2593 2737 dass Herr Dr. Max Vischer sich für einige Zeit in den Ferien
749 2714 2598 2794 befindet, so wenden wir uns auf Wunsch von Herrn Dr. Vischer,
755 2827 2597 2923 den er Herrn Ryniker gegenüber geäussert hat, an Sie, um von
757 2904 2635 3010 Ihnen zu hören, ob die Personenschiffahrtsgesellschaft grund-
765 3028 2626 3115 sätzlich bereit wäre, in irgendeiner Form mit uns zusammen zu
753 3113 2624 3217 arbeiten. Sollte dies der Fall sein, so würden vielleicht Be-
2307 3210 2398 3325 ./.
